<record><leader>00000cas a22000007a 4500</leader><controlfield tag="001">15794655</controlfield><controlfield tag="008">870601d19291941njuwr ne      0    0eng d</controlfield><datafield ind1=" " ind2=" " tag="010"><subfield code="a">sn 87068180 </subfield></datafield><datafield ind1=" " ind2=" " tag="040"><subfield code="a">NJW</subfield><subfield code="b">eng</subfield><subfield code="c">NJW</subfield><subfield code="d">OCLCQ</subfield></datafield><datafield ind1=" " ind2=" " tag="042"><subfield code="a">msc</subfield></datafield><datafield ind1="0" ind2="0" tag="245"><subfield code="a">Morris Plains chronicle.</subfield></datafield><datafield ind1=" " ind2=" " tag="260"><subfield code="a">Morris Plains, N.J. :</subfield><subfield code="b">Sierra Pub. Co.,</subfield><subfield code="c">1929-</subfield></datafield><datafield ind1=" " ind2=" " tag="310"><subfield code="a">Weekly</subfield></datafield><datafield ind1="0" ind2=" " tag="362"><subfield code="a">Vol. 1, no. 1 (Mar. 29, 1929)-</subfield></datafield><datafield ind1=" " ind2=" " tag="500"><subfield code="a">Published by Kenneth C. Sutphen, &lt;1940&gt;-1941.</subfield></datafield><datafield ind1=" " ind2=" " tag="500"><subfield code="a">Editors: J.A. Sierra, 1929-&lt;1930&gt;; Kenneth C. Sutphen, &lt;1940&gt;-1941.</subfield></datafield><datafield ind1=" " ind2=" " tag="752"><subfield code="a">United States</subfield><subfield code="b">New Jersey</subfield><subfield code="c">Morris</subfield><subfield code="d">Morris Plains.</subfield></datafield><datafield ind1="1" ind2=" " tag="029"><subfield code="a">AU@</subfield><subfield code="b">000025792746</subfield></datafield></record>